@incollection{ohwada1987managing,
	title={Managing search in parallel logic programming},
	author={Ohwada, Hayato and Mizoguchi, Fumio},
	booktitle={Logic Programming'87},
	pages={148--177},
	year={1987},
	publisher={Springer}
}
@comment{website:,
title = ,
author = ,
month = ,
year = ,
url = 
}
